

@article{chen2012fvcom,
  title={FVCOM model estimate of the location of Air France 447},
  author={Chen, Changsheng and Limeburner, Richard and Gao, Guoping and Xu, Qichun and Qi, Jianhua and Xue, Pengfei and Lai, Zhigang and Lin, Huichan and Beardsley, Robert and Owens, Breck and others},
  journal={Ocean Dynamics},
  volume={62},
  number={6},
  pages={943--952},
  year={2012},
  publisher={Springer}
}

@misc{bureaumh,
  title={MH 370-Definition of Underwater Search Areas, 26 June, 2014},
  author={Bureau, Australian Transport Safety}
}

@article{stone2017bayesian,
  title={Bayesian Search for Missing Aircraft},
  author={Stone, Lawrence D},
  year={2017}
}

@inproceedings{Jenkinson1999Civil,
  title={Civil Jet Aircraft Design},
  author={Jenkinson, Lloyd R and Rhodes, Darren and Simpkin, Paul},
  booktitle={American Institute of Aeronautics and Astronautics, Inc},
  year={1999},
}

@article{BureauInvestigation,
  title={Investigation: AE-2014-054 - Assistance to Malaysian Ministry of Transport in support of missing Malaysia Airlines flight MH370 on 7 March 2014 UTC},
  author={Bureau, Australian Transport Safety},
}

@article{焦晓君2015一种落水失联飞机的搜寻方案,
  title={一种落水失联飞机的搜寻方案},
  author={焦晓君 and 孙瑞芳 and 李道祥},
  journal={信息通信},
  number={8},
  pages={25-25},
  year={2015},
}